[

 { "userid": 1002893, "username": "DOUGLAS BROOKS",  "country": "US",  "countrydesc": "DURHAM",  "hired": "2011-12-01",  "active": 1,  "sales": 1003},  
 { "userid": 1043542, "username": "SØREN KIIL",  "country": "DK",  "countrydesc": "HOLTE",  "hired": "2011-07-15",  "active": 1,  "sales": 1058.65},  
 { "userid": 1144246, "username": "SUI YI KWOK",  "country": "CN",  "countrydesc": "ABERDEEN",  "hired": "2011-03-21",  "active": 1,  "sales": 1350},  
 { "userid": 1276569, "username": "DAVID P. MAHER",  "country": "US",  "countrydesc": "LIVERMORE",  "hired": "2011-11-21",  "active": 1,  "sales": 1003},  
 { "userid": 130380, "username": "JIANLAN SONG",  "country": "CN",  "countrydesc": "CERRITOS",  "hired": "2010-01-27",  "active": 1,  "sales": 1350},  
 { "userid": 130381, "username": "JEAN-MICHEL VERNIER",  "country": "FR",  "countrydesc": "LAGUNA NIGUEL",  "hired": "2009-02-20",  "active": 1,  "sales": 1150},  
 { "userid": 1304482, "username": "O`BRIEN PATRICK MICHAEL",  "country": "US",  "countrydesc": "STOCKBRIDGE",  "hired": "2010-10-14",  "active": 1,  "sales": 1003},  
 { "userid": 1467744, "username": "HAL N. SIEGEL",  "country": "US",  "countrydesc": "PARADISE VALLEY",  "hired": "2008-09-08",  "active": 0,  "sales": 1003},  
 { "userid": 1489214, "username": "JOHN WOODCRAFT",  "country": "GB",  "countrydesc": "BUCKINGHAMSHIRE",  "hired": "2012-03-02",  "active": 1,  "sales": 1001},  
 { "userid": 1501884, "username": "JARI MUTIKAINEN",  "country": "FI",  "countrydesc": "LEPSÄMÄ",  "hired": "2007-11-27",  "active": 1,  "sales": 1150},  
 { "userid": 1535135, "username": "WEI ZENG",  "country": "CA",  "countrydesc": "INDIANAPOLIS",  "hired": "2011-04-08",  "active": 1,  "sales": 1350.65},  
 { "userid": 1535138, "username": "LING LIU",  "country": "CA",  "countrydesc": "INDIANAPOLIS",  "hired": "2011-04-08",  "active": 1,  "sales": 1350},  
 { "userid": 1576264, "username": "MARKUS GUDE",  "country": "DE",  "countrydesc": "ALLSCHWIL",  "hired": "2009-04-29",  "active": 1,  "sales": 1058},  
 { "userid": 1580521, "username": "PAUL LAIDLER",  "country": "GB",  "countrydesc": "OXFORD",  "hired": "2010-02-12",  "active": 1,  "sales": 1001},  
 { "userid": 1630578, "username": "WILLIAM H. HENSTOCK",  "country": "US",  "countrydesc": "CHARLESTON",  "hired": "2011-06-08",  "active": 1,  "sales": 1003},  
 { "userid": 1642743, "username": "PIERRE JEAN-MARIE BERNARD RABOISSON",  "country": "FR",  "countrydesc": "ROSIERES",  "hired": "2011-05-11",  "active": 1,  "sales": 1150},  
 { "userid": 1661720, "username": "ANTHONY MARFAT",  "country": "US",  "countrydesc": "MYSTIC CT 06355",  "hired": "2002-09-23",  "active": 1,  "sales": 1003},  
 { "userid": 1724039, "username": "GARY C. PODREBARAC",  "country": "US",  "countrydesc": "PASADENA",  "hired": "2009-01-12",  "active": 0,  "sales": 1003},  
 { "userid": 1809288, "username": "SREENIVAS PUNNA",  "country": "IN",  "countrydesc": "SUNNYVALE",  "hired": "2008-12-31",  "active": 1,  "sales": 1058.70},  
 { "userid": 2071411, "username": "ZZZSVEN BALK",  "country": "DE",  "countrydesc": "FRANKFURT",  "hired": "2010-12-21",  "active": 1,  "sales": 1058},  
 { "userid": 214757, "username": "SHUANG CHEN",  "country": "CA",  "countrydesc": "GURNEE",  "hired": "2011-12-17",  "active": 1,  "sales": 1350},  
 { "userid": 214758, "username": "DACHUN LIU",  "country": "CN",  "countrydesc": "WAUKEGAN",  "hired": "2011-12-17",  "active": 1,  "sales": 1350},  
 { "userid": 214759, "username": "WARREN M. KATI",  "country": "US",  "countrydesc": "GURNEE",  "hired": "2011-09-28",  "active": 1,  "sales": 1003},  
 { "userid": 2190338, "username": "SCOTT KOENIG",  "country": "US",  "countrydesc": "ROCKVILLE",  "hired": "2005-02-11",  "active": 1,  "sales": 1003},  
 { "userid": 2208043, "username": "THOMAS E RAWSON",  "country": "US",  "countrydesc": "MOUNTAIN VIEW",  "hired": "2011-03-31",  "active": 1,  "sales": 1003.55},  
 { "userid": 2208853, "username": "ROBERT TJIN THAM SJIN",  "country": "US",  "countrydesc": "FRAMINGHAM",  "hired": "2009-05-07",  "active": 1,  "sales": 1003},  
 { "userid": 2227980, "username": "ULISES OLVERA-HERNANDEZ",  "country": "MX",  "countrydesc": "KIRKLAND",  "hired": "2007-04-27",  "active": 1,  "sales": 1350},  
 { "userid": 2241530, "username": "HERBERT RUDOLPH RADISCH",  "country": "US",  "countrydesc": "SAN DIEGO",  "hired": "2011-08-02",  "active": 0,  "sales": 1003},  
 { "userid": 2274424, "username": "JÜRGEN ERWIN LANG",  "country": "DE",  "countrydesc": "KARLSRUHE",  "hired": "2011-01-18",  "active": 1,  "sales": 1058},  
 { "userid": 2274425, "username": "HARTWIG RAULEDER",  "country": "DE",  "countrydesc": "RHEINFELDEN",  "hired": "2011-01-18",  "active": 1,  "sales": 1058},  
 { "userid": 2274426, "username": "EKKEHARD MÜH",  "country": "DE",  "countrydesc": "RHEINFELDEN",  "hired": "2011-01-18",  "active": 1,  "sales": 1058.15},  
 { "userid": 2276896, "username": "JOHN LIMANTO",  "country": "ID",  "countrydesc": "RAHWAY",  "hired": "2010-03-26",  "active": 1,  "sales": 1058},  
 { "userid": 2276898, "username": "NOBUYOSHI YASUDA",  "country": "JP",  "countrydesc": "RAHWAY",  "hired": "2007-10-05",  "active": 1,  "sales": 1055},  
 { "userid": 2502250, "username": "SYLVIA HERTER",  "country": "DE",  "countrydesc": "REGENSDORF",  "hired": "2012-02-23",  "active": 1,  "sales": 1058},  
 { "userid": 2530158, "username": "MARKUS RUDOLPH",  "country": "DE",  "countrydesc": "BASEL",  "hired": "2011-04-28",  "active": 0,  "sales": 1058},  
 { "userid": 2550712, "username": "KENICHI SAKAKIBARA",  "country": "JP",  "countrydesc": "SHIGA",  "hired": "2008-06-24",  "active": 1,  "sales": 1055},  
 { "userid": 2554614, "username": "LONGCHENG WANG",  "country": "US",  "countrydesc": "PALO ALTO",  "hired": "2010-04-15",  "active": 1,  "sales": 1003},  
 { "userid": 2585066, "username": "SILVIA PENUELAS PRIETO",  "country": "ES",  "countrydesc": "BARCELONA",  "hired": "2011-09-29",  "active": 1,  "sales": 1350},  
 { "userid": 2585070, "username": "JOSÉ BASELGA TORRES",  "country": "ES",  "countrydesc": "BARCELONA",  "hired": "2011-09-29",  "active": 1,  "sales": 1350},  
 { "userid": 2585074, "username": "JOAN SEOANE SUAREZ",  "country": "ES",  "countrydesc": "BARCELONA",  "hired": "2011-09-29",  "active": 1,  "sales": 1350},  
 { "userid": 2601476, "username": "LIANSHENG LI",  "country": "CN",  "countrydesc": "SAN DIEGO",  "hired": "2010-07-05",  "active": 1,  "sales": 1350},  
 { "userid": 2601478, "username": "CHRISTIAN ROMMEL",  "country": "DE",  "countrydesc": "LA JOLLA",  "hired": "2010-07-05",  "active": 1,  "sales": 1058},  
 { "userid": 261346, "username": "TAWFIK GHARBAOUI",  "country": "MA",  "countrydesc": "ESCONDIDO",  "hired": "2008-09-02",  "active": 1,  "sales": 1350},  
 { "userid": 2620828, "username": "GUNTHER BERNDL",  "country": "DE",  "countrydesc": "HERXHEIM",  "hired": "2012-02-07",  "active": 1,  "sales": 1058},  
 { "userid": 2624977, "username": "STEFAN SCHERER",  "country": "DE",  "countrydesc": "BASEL",  "hired": "2011-12-06",  "active": 1,  "sales": 1058},  
 { "userid": 2624978, "username": "DOROTHEE FOERNZLER",  "country": "DE",  "countrydesc": "LENZBURG",  "hired": "2007-11-19",  "active": 1,  "sales": 1058},  
 { "userid": 2624980, "username": "PAUL DELMAR",  "country": "FR",  "countrydesc": "BASEL",  "hired": "2011-12-06",  "active": 1,  "sales": 1150},  
 { "userid": 2624990, "username": "GEORG JAESCHKE",  "country": "DE",  "countrydesc": "BASEL",  "hired": "2009-04-09",  "active": 1,  "sales": 1058},  
 { "userid": 26323, "username": "JOHNNY YUNG-CHIONG CHOW",  "country": "TW",  "countrydesc": "TAIPEI",  "hired": "2012-04-27",  "active": 1,  "sales": 1350},  
 { "userid": 2650506, "username": "JOYCE CHI YEE CHAN",  "country": "CA",  "countrydesc": "SAN FRANCISCO",  "hired": "2010-02-02",  "active": 1,  "sales": 1350},  
 { "userid": 2653641, "username": "CHERYL LARRIVEEE-ELKINS",  "country": "US",  "countrydesc": "FRAMINGHAM",  "hired": "2011-12-15",  "active": 1,  "sales": 1003},  
 { "userid": 2666262, "username": "GUY GEORGES",  "country": "BE",  "countrydesc": "HABACH",  "hired": "2007-08-17",  "active": 1,  "sales": 1350},  
 { "userid": 2666266, "username": "BERND BOHRMANN",  "country": "DE",  "countrydesc": "RIEHEN",  "hired": "2007-06-25",  "active": 1,  "sales": 1058},  
 { "userid": 2683897, "username": "CHRISTIAN HUBSCHWERLEN",  "country": "FR",  "countrydesc": "ALLSCHWIL",  "hired": "2011-03-17",  "active": 0,  "sales": 1150},  
 { "userid": 2683911, "username": "JEAN-PHILIPPE SURIVET",  "country": "FR",  "countrydesc": "ALLSCHWIL",  "hired": "2011-03-17",  "active": 0,  "sales": 1150},  
 { "userid": 2713562, "username": "ANGELIKA FRETZEN",  "country": "DE",  "countrydesc": "SOMERVILLE",  "hired": "2011-01-31",  "active": 0,  "sales": 1058},  
 { "userid": 2717286, "username": "PHILIPP HARDER",  "country": "CH",  "countrydesc": "CHUR",  "hired": "2008-08-13",  "active": 1,  "sales": 1350},  
 { "userid": 2729490, "username": "JOHANNES HILPERT",  "country": "DE",  "countrydesc": "NÜRNBERG",  "hired": "2007-08-24",  "active": 1,  "sales": 1058},  
 { "userid": 27436, "username": "TARO FUKAYA",  "country": "JP",  "countrydesc": "TOKYO",  "hired": "2012-05-02",  "active": 1,  "sales": 1055},  
 { "userid": 27456, "username": "KENJI TSUTSUMI",  "country": "JP",  "countrydesc": "TOKYO",  "hired": "2012-05-02",  "active": 1,  "sales": 1055},  
 { "userid": 27472, "username": "ATSUSHI YAMAZAKI",  "country": "JP",  "countrydesc": "TOKYO",  "hired": "2012-05-02",  "active": 1,  "sales": 1055},  
 { "userid": 27486, "username": "ICHIRO YAMANASHI",  "country": "JP",  "countrydesc": "TOKYO",  "hired": "2012-05-02",  "active": 1,  "sales": 1055},  
 { "userid": 27494, "username": "SHUJI SEKI",  "country": "JP",  "countrydesc": "TOKYO",  "hired": "2012-05-02",  "active": 1,  "sales": 1055},  
 { "userid": 27685, "username": "KATRIN TERTSCH",  "country": "DE",  "countrydesc": "FRANKFURT AM MAIN",  "hired": "2012-05-02",  "active": 1,  "sales": 1058},  
 { "userid": 27788, "username": "GREGORY ALAN STEUBE",  "country": "US",  "countrydesc": "ST. CHARLES",  "hired": "2012-04-27",  "active": 1,  "sales": 1003},  
 { "userid": 27812, "username": "TOSHIO SEKIYA",  "country": "JP",  "countrydesc": "SAITAMA",  "hired": "2012-05-02",  "active": 1,  "sales": 1055},  
 { "userid": 2784695, "username": "STEFAN ABELE",  "country": "DE",  "countrydesc": "ALLSCHWIL",  "hired": "2011-04-11",  "active": 1,  "sales": 1058},  
 { "userid": 2784697, "username": "JACQUES-ALEXIS FUNEL",  "country": "FR",  "countrydesc": "ALLSCHWIL",  "hired": "2011-04-11",  "active": 1,  "sales": 1150},  
 { "userid": 2789373, "username": "LARS DALSGAARD",  "country": "DK",  "countrydesc": "OULU",  "hired": "2007-08-22",  "active": 1,  "sales": 1058},  
 { "userid": 27929, "username": "ANDREW J. HOWES",  "country": "US",  "countrydesc": "CALIFORNIA ",  "hired": "2012-05-02",  "active": 1,  "sales": 1003},  
 { "userid": 27940, "username": "SOPHANY THACH",  "country": "US",  "countrydesc": "HOUSTON",  "hired": "2012-05-02",  "active": 1,  "sales": 1003},  
 { "userid": 2822553, "username": "EDWARD A. KESICKI",  "country": "US",  "countrydesc": "BOTHELL",  "hired": "2007-08-06",  "active": 1,  "sales": 1003},  
 { "userid": 28365, "username": "MEYYAPPAN MUTHUPPALANIAPPAN",  "country": "IN",  "countrydesc": "HYDERABAD",  "hired": "2012-05-02",  "active": 1,  "sales": 1058},  
 { "userid": 28372, "username": "GOVINDARAJULU BABU",  "country": "IN",  "countrydesc": "HYDERABAD",  "hired": "2012-05-02",  "active": 1,  "sales": 1058},  
 { "userid": 2868348, "username": "STEFAN MILLER",  "country": "DE",  "countrydesc": "REGENSBURG",  "hired": "2011-11-17",  "active": 1,  "sales": 1058},  
 { "userid": 28805, "username": "MARTIN KROPFGANS",  "country": "DE",  "countrydesc": "ODENTHAL",  "hired": "2012-05-02",  "active": 1,  "sales": 1058},  
 { "userid": 28809, "username": "SABINE NIENSTEDT",  "country": "DE",  "countrydesc": "EUSKIRCHEN",  "hired": "2012-05-02",  "active": 1,  "sales": 1058},  
 { "userid": 28816, "username": "ALBERT SCHNERING",  "country": "DE",  "countrydesc": "KÖLN",  "hired": "2012-05-02",  "active": 1,  "sales": 1058},  
 { "userid": 28821, "username": "KATHARINA STREICHER",  "country": "DE",  "countrydesc": "LEVERKUSEN",  "hired": "2012-05-02",  "active": 1,  "sales": 1058},  
 { "userid": 28828, "username": "KARL-HEINZ SOCKEL",  "country": "DE",  "countrydesc": "LEVERKUSEN",  "hired": "2012-05-02",  "active": 1,  "sales": 1058},  
 { "userid": 28829, "username": "SEBASTIAN MAASS",  "country": "DE",  "countrydesc": "ELSDORF",  "hired": "2012-05-02",  "active": 1,  "sales": 1058},  
 { "userid": 2883014, "username": "LARS DALSGAARD",  "country": "DK",  "countrydesc": "OULU",  "hired": "2009-09-09",  "active": 1,  "sales": 1058},  
 { "userid": 29251, "username": "JAMES ALLEN MONN",  "country": "US",  "countrydesc": "INDIANAPOLIS",  "hired": "2012-05-03",  "active": 1,  "sales": 1003},  
 { "userid": 29262, "username": "LOURDES PRIETO",  "country": "ES",  "countrydesc": "INDIANAPOLIS",  "hired": "2012-05-03",  "active": 1,  "sales": 1350},  
 { "userid": 29274, "username": "LORENA TABOADA MARTINEZ",  "country": "ES",  "countrydesc": "INDIANAPOLIS",  "hired": "2012-05-03",  "active": 1,  "sales": 1350},  
 { "userid": 29290, "username": "CARLOS MONTERO SALGADO",  "country": "ES",  "countrydesc": "INDIANAPOLIS",  "hired": "2012-05-03",  "active": 1,  "sales": 1350},  
 { "userid": 29300, "username": "BRUCE WILLIAM SHAW",  "country": "US",  "countrydesc": "INDIANAPOLIS",  "hired": "2012-05-03",  "active": 1,  "sales": 1003},  
 { "userid": 2960370, "username": "LUKE GREEN",  "country": "GB",  "countrydesc": "BASEL",  "hired": "2008-09-29",  "active": 1,  "sales": 1001},  
 { "userid": 2962662, "username": "KIM TIOW OOI",  "country": "SG",  "countrydesc": "CHINESE NAME: 黄竟朝",  "hired": "2007-07-06",  "active": 1,  "sales": 1350},  
 { "userid": 3047491, "username": "HOWARD L. LEVINE",  "country": "US",  "countrydesc": "OCEANSIDE",  "hired": "2004-04-12",  "active": 1,  "sales": 1003},  
 { "userid": 3130284, "username": "HAROON ELSARRAG",  "country": "US",  "countrydesc": "IRVINE",  "hired": "2007-07-09",  "active": 1,  "sales": 1003},  
 { "userid": 315400, "username": "WENQING YAO",  "country": "US",  "countrydesc": "KENNETT SQUARE",  "hired": "2000-06-14",  "active": 1,  "sales": 1003},  
 { "userid": 3154328, "username": "RICHARD L. MACKMAN",  "country": "GB",  "countrydesc": "MILLBRAE",  "hired": "2007-01-15",  "active": 1,  "sales": 1001},  
 { "userid": 3178809, "username": "JUSWINDER SINGH",  "country": "GB",  "countrydesc": "ASHLAND",  "hired": "2010-06-09",  "active": 1,  "sales": 1001},  
 { "userid": 3183485, "username": "VOLKER SCHELLENBERGER",  "country": "DE",  "countrydesc": "PALO ALTO",  "hired": "2010-01-18",  "active": 1,  "sales": 1058},  
 { "userid": 3183487, "username": "CHIA-WEI WANG",  "country": "TW",  "countrydesc": "MILPITAS",  "hired": "2011-11-28",  "active": 1,  "sales": 1350},  
 { "userid": 31958, "username": "MICHIEL ALDERS",  "country": "NL",  "countrydesc": "AMSTERDAM",  "hired": "2012-05-04",  "active": 1,  "sales": 1150},  
 { "userid": 3224982, "username": "JEROEN WIGARD",  "country": "NL",  "countrydesc": "KLARUP",  "hired": "2010-03-23",  "active": 1,  "sales": 1150},  
 { "userid": 322782, "username": "MOHAMMAD GHADDAFFI BIN MOHD NOH",  "country": "MY",  "countrydesc": "SELANGOR",  "hired": "2010-03-25",  "active": 1,  "sales": 1350},  
 { "userid": 32458, "username": "DANIEL S ALBRECHT",  "country": "US",  "countrydesc": "COLUMBUS",  "hired": "2012-05-04",  "active": 1,  "sales": 1003},  
 { "userid": 3275806, "username": "OLIVER WEGNER",  "country": "DE",  "countrydesc": "HEUFELDMÜHLE",  "hired": "2010-09-20",  "active": 1,  "sales": 1058},  
 { "userid": 3291325, "username": "MASAHIRO YAMASHITA",  "country": "JP",  "countrydesc": "CHIBA",  "hired": "2009-05-07",  "active": 1,  "sales": 1055},  
 { "userid": 3302709, "username": "SITI NURHANNA BINTI RIDUAN",  "country": "SG",  "countrydesc": "SINGAPORE ",  "hired": "2008-09-26",  "active": 1,  "sales": 1350},  
 { "userid": 3321134, "username": "GUY GEORGES",  "country": "BE",  "countrydesc": "HABACH",  "hired": "2012-01-06",  "active": 1,  "sales": 1350},  
 { "userid": 3324616, "username": "ERIC J. NIESOR",  "country": "FR",  "countrydesc": "NYON",  "hired": "2008-12-02",  "active": 1,  "sales": 1150},  
 { "userid": 3334690, "username": "ARAVIND SOMANCHI",  "country": "IN",  "countrydesc": "SOUTH SAN FRANCISCO",  "hired": "2011-05-24",  "active": 1,  "sales": 1058},  
 { "userid": 3335031, "username": "LYNE GAGNON",  "country": "CA",  "countrydesc": "LAVAL",  "hired": "2007-04-11",  "active": 1,  "sales": 1350},  
 { "userid": 3367537, "username": "ELISABETTA BIANCHI",  "country": "IT",  "countrydesc": "POMEZIA",  "hired": "2011-08-15",  "active": 1,  "sales": 1058},  
 { "userid": 3375411, "username": "ROBERT S. LANGER",  "country": "US",  "countrydesc": "NEWTON",  "hired": "2012-04-09",  "active": 1,  "sales": 1003},  
 { "userid": 3437982, "username": "TAEYONG LEE",  "country": "KR",  "countrydesc": "BETHESDA",  "hired": "2007-10-02",  "active": 1,  "sales": 1055},  
 { "userid": 3438910, "username": "ANDREI GENNADYEVICH FADEEV",  "country": "US",  "countrydesc": "ELMIRA",  "hired": "2010-07-29",  "active": 1,  "sales": 1003},  
 { "userid": 3439573, "username": "CHRON-SI LAI",  "country": "US",  "countrydesc": "BLACKLICK",  "hired": "2010-06-15",  "active": 1,  "sales": 1003},  
 { "userid": 34484, "username": "HONG DING",  "country": "CN",  "countrydesc": "GURNEE",  "hired": "2012-01-04",  "active": 1,  "sales": 1350},  
 { "userid": 34489, "username": "ZHI-FU TAO",  "country": "CN",  "countrydesc": "GURNEE",  "hired": "2011-06-14",  "active": 1,  "sales": 1350},  
 { "userid": 34491, "username": "YU SHEN",  "country": "CN",  "countrydesc": "GURNEE",  "hired": "2012-04-12",  "active": 1,  "sales": 1350},  
 { "userid": 34494, "username": "XIAOYA LIN",  "country": "CN",  "countrydesc": "GURNEE",  "hired": "2012-04-12",  "active": 1,  "sales": 1350},  
 { "userid": 3475576, "username": "FRANK WIERSCHEM",  "country": "DE",  "countrydesc": "RHEINFELDEN",  "hired": "2011-07-26",  "active": 1,  "sales": 1058},  
 { "userid": 3489857, "username": "EDWARD PETER KENNETH BOURGEAU",  "country": "CA",  "countrydesc": "HOUSTON",  "hired": "2011-04-28",  "active": 1,  "sales": 1350},  
 { "userid": 3497703, "username": "YUGEN ZHANG",  "country": "SG",  "countrydesc": "张玉根",  "hired": "2009-01-28",  "active": 1,  "sales": 1350},  
 { "userid": 3512548, "username": "JERZY KLOSIN",  "country": "PL",  "countrydesc": "MIDLAND",  "hired": "2011-01-25",  "active": 1,  "sales": 1350},  
 { "userid": 3512553, "username": "MRIDULA KAPUR",  "country": "IN",  "countrydesc": "LAKE JACKSON",  "hired": "2010-04-06",  "active": 1,  "sales": 1058},  
 { "userid": 3546707, "username": "DANI RUSCIO",  "country": "IT",  "countrydesc": "CRESSIER",  "hired": "2012-04-18",  "active": 1,  "sales": 1058},  
 { "userid": 3554735, "username": "KANDASAMY MEENAKSHI SUNDARAM",  "country": "US",  "countrydesc": "OLD BRIDGE",  "hired": "2009-11-19",  "active": 1,  "sales": 1003},  
 { "userid": 35734, "username": "DAVID E. CLEMENTS",  "country": "US",  "countrydesc": "HONOLULU",  "hired": "2012-05-07",  "active": 1,  "sales": 1003},  
 { "userid": 35744, "username": "KAE MIRIAM PUSIC",  "country": "US",  "countrydesc": "HONOLULU",  "hired": "2012-05-07",  "active": 1,  "sales": 1003},  
 { "userid": 35768, "username": "GEORGE S. N. HUI",  "country": "US",  "countrydesc": "HONOLULU",  "hired": "2012-05-07",  "active": 1,  "sales": 1003},  
 { "userid": 35773, "username": "JIULIU LU",  "country": "US",  "countrydesc": "HOMESTEAD",  "hired": "2012-05-07",  "active": 1,  "sales": 1003},  
 { "userid": 35796, "username": "ANTONIO AREVALO REYES",  "country": "US",  "countrydesc": "MIDDLETON",  "hired": "2012-05-07",  "active": 1,  "sales": 1003},  
 { "userid": 35805, "username": "ERIK ALAN GUSTAFSON",  "country": "US",  "countrydesc": "NORWOOD",  "hired": "2012-05-07",  "active": 1,  "sales": 1003},  
 { "userid": 35817, "username": "JOHN STEVEN RILEY",  "country": "US",  "countrydesc": "MIAMI",  "hired": "2012-05-07",  "active": 1,  "sales": 1003},  
 { "userid": 3582751, "username": "TOM WOIWODE",  "country": "US",  "countrydesc": "SOUTH SAN FRANCISCO",  "hired": "2010-01-22",  "active": 1,  "sales": 1003},  
 { "userid": 361555, "username": "JOSÉ ANGEL, MARTÍNEZ ESCRIBANO",  "country": "ES",  "countrydesc": "MADRID",  "hired": "2011-02-22",  "active": 1,  "sales": 1350},  
 { "userid": 36372, "username": "KAREN ANNE KOZIELSKI",  "country": "AU",  "countrydesc": "VICTORIA ",  "hired": "2012-05-07",  "active": 1,  "sales": 1350},  
 { "userid": 36376, "username": "WENDY WENJUN TIAN",  "country": "AU",  "countrydesc": "VICTORIA ",  "hired": "2012-05-07",  "active": 1,  "sales": 1350},  
 { "userid": 36377, "username": "SAIFUL HAILRI",  "country": "MY",  "countrydesc": "TERRENGGANU",  "hired": "2012-05-07",  "active": 1,  "sales": 1350},  
 { "userid": 36389, "username": "COLIN DAVID WOOD",  "country": "AU",  "countrydesc": "VICTORIA ",  "hired": "2012-05-07",  "active": 1,  "sales": 1350},  
 { "userid": 36391, "username": "GIAN PING (VINCENT) CHUA",  "country": "MY",  "countrydesc": "KEDAH",  "hired": "2012-05-07",  "active": 1,  "sales": 1350},  
 { "userid": 36400, "username": "KOK HOONG LEONG",  "country": "MY",  "countrydesc": "KAJANG ",  "hired": "2012-05-07",  "active": 1,  "sales": 1350},  
 { "userid": 36406, "username": "JONATHAN HOWARD HODGKIN",  "country": "AU",  "countrydesc": "VICTORIA ",  "hired": "2012-05-07",  "active": 1,  "sales": 1350},  
 { "userid": 36665, "username": "AKSHAY SAHNI",  "country": "US",  "countrydesc": "BERKELEY",  "hired": "2012-05-07",  "active": 1,  "sales": 1003},  
 { "userid": 36680, "username": "JARRAD REXILIUS",  "country": "AU",  "countrydesc": "WESTERN AUSTRALIA",  "hired": "2012-05-07",  "active": 1,  "sales": 1350},  
 { "userid": 3687727, "username": "DAVID SCHWEITZER",  "country": "US",  "countrydesc": "WESTON",  "hired": "2004-11-29",  "active": 1,  "sales": 1003},  
 { "userid": 3693488, "username": "MARK LEO MICHAELS",  "country": "US",  "countrydesc": "ENCINO",  "hired": "2010-11-16",  "active": 1,  "sales": 1003},  
 { "userid": 3693490, "username": "YUE-SHENG LI",  "country": "US",  "countrydesc": "THOUSAND OAKS",  "hired": "2011-05-06",  "active": 1,  "sales": 1003},  
 { "userid": 3693495, "username": "AGNES EVA HAMBURGER",  "country": "US",  "countrydesc": "THOUSAND OAKS",  "hired": "2011-10-21",  "active": 1,  "sales": 1003},  
 { "userid": 37035, "username": "NELSON ALEXANDER",  "country": "US",  "countrydesc": "MARANA",  "hired": "2012-05-07",  "active": 1,  "sales": 1003},  
 { "userid": 37042, "username": "STACEY STANISLAW",  "country": "US",  "countrydesc": "TUCSON",  "hired": "2012-05-07",  "active": 1,  "sales": 1003},  
 { "userid": 37045, "username": "JAMES GRILLE",  "country": "US",  "countrydesc": "TUCSON",  "hired": "2012-05-07",  "active": 1,  "sales": 1003},  
 { "userid": 37050, "username": "MARK B. LEICK",  "country": "US",  "countrydesc": "WASHINGTON",  "hired": "2012-05-07",  "active": 1,  "sales": 1003},  
 { "userid": 3710438, "username": "JEONGHOON SUN",  "country": "KR",  "countrydesc": "THOUSAND OAKS",  "hired": "2009-08-26",  "active": 1,  "sales": 1055},  
 { "userid": 3710439, "username": "JING XU",  "country": "CN",  "countrydesc": "THOUSAND OAKS",  "hired": "2010-11-16",  "active": 1,  "sales": 1350},  
 { "userid": 37118, "username": "MASAYUKI YOKOYAMA",  "country": "JP",  "countrydesc": "TOKYO",  "hired": "2012-05-07",  "active": 1,  "sales": 1055},  
 { "userid": 37302, "username": "EGON MÖNCH",  "country": "DE",  "countrydesc": "REMCHINGEN",  "hired": "2012-05-07",  "active": 1,  "sales": 1058},  
 { "userid": 37306, "username": "RAINER KLOTZ",  "country": "DE",  "countrydesc": "BRETZFELD",  "hired": "2012-05-07",  "active": 1,  "sales": 1058},  
 { "userid": 37310, "username": "JEREMY MICHEL",  "country": "DE",  "countrydesc": "PFORZHEIM",  "hired": "2012-05-07",  "active": 1,  "sales": 1058},  
 { "userid": 37314, "username": "CHRISTOPH PRASSE",  "country": "DE",  "countrydesc": "ILLINGEN",  "hired": "2012-05-07",  "active": 1,  "sales": 1058},  
 { "userid": 37322, "username": "WOLFGANG SCHMIDT",  "country": "DE",  "countrydesc": "JEVER",  "hired": "2012-05-07",  "active": 1,  "sales": 1058},  
 { "userid": 37368, "username": "BJARNE BERGHEIM",  "country": "NO",  "countrydesc": "VIEJO",  "hired": "2012-05-07",  "active": 1,  "sales": 1150},  
 { "userid": 37386, "username": "MORTEZA GHARIB",  "country": "US",  "countrydesc": "ALTADENA",  "hired": "2012-05-07",  "active": 1,  "sales": 1003},  
 { "userid": 37406, "username": "MEHRZAD KHAKPOUR",  "country": "IR",  "countrydesc": "LAGUNA BEACH",  "hired": "2012-05-07",  "active": 1,  "sales": 1058},  
 { "userid": 37435, "username": "RICHARD S. TEBBS",  "country": "US",  "countrydesc": "VIEJO",  "hired": "2012-05-07",  "active": 1,  "sales": 1003},  
 { "userid": 3744100, "username": "YAN WU",  "country": "US",  "countrydesc": "FOSTER CITY",  "hired": "2008-04-16",  "active": 1,  "sales": 1003},  
 { "userid": 3744106, "username": "HENRY CHIU",  "country": "US",  "countrydesc": "SAN FRANCISCO",  "hired": "2011-03-31",  "active": 1,  "sales": 1003},  
 { "userid": 3744114, "username": "JEANNE CHEUNG",  "country": "US",  "countrydesc": "SAN FRANCISCO",  "hired": "2011-03-31",  "active": 1,  "sales": 1003},  
 { "userid": 3744123, "username": "HEATHER MAECKER",  "country": "US",  "countrydesc": "PALO ALTO",  "hired": "2011-03-31",  "active": 1,  "sales": 1003},  
 { "userid": 37751, "username": "RENE HAENSEL",  "country": "DE",  "countrydesc": "DORSTEN",  "hired": "2012-05-07",  "active": 1,  "sales": 1058},  
 { "userid": 37804, "username": "RENE HAENSEL",  "country": "DE",  "countrydesc": "DORSTEN",  "hired": "2012-05-07",  "active": 1,  "sales": 1058},  
 { "userid": 37806, "username": "HARDI DOEHLER",  "country": "DE",  "countrydesc": "ESSEN",  "hired": "2012-05-07",  "active": 1,  "sales": 1058},  
 { "userid": 3801103, "username": "PENGLIE ZHANG",  "country": "US",  "countrydesc": "FOSTER CITY",  "hired": "2009-12-08",  "active": 1,  "sales": 1003},  
 { "userid": 38096, "username": "PETER SCHWAB",  "country": "DE",  "countrydesc": "ESSEN",  "hired": "2012-05-08",  "active": 1,  "sales": 1058},  
 { "userid": 38109, "username": "PETER SEIDENSTICKER",  "country": "DE",  "countrydesc": "SOLINGEN",  "hired": "2012-05-08",  "active": 1,  "sales": 1058},  
 { "userid": 38123, "username": "MICHAEL FERENZ",  "country": "DE",  "countrydesc": "ESSEN",  "hired": "2012-05-08",  "active": 1,  "sales": 1058},  
 { "userid": 3812747, "username": "WAN SING NG",  "country": "SG",  "countrydesc": "SINGAPORE 678948",  "hired": "2002-01-17",  "active": 1,  "sales": 1350},  
 { "userid": 38137, "username": "MARINA LAZAR",  "country": "RS",  "countrydesc": "RECKLINGHAUSEN",  "hired": "2012-05-08",  "active": 1,  "sales": 1350},  
 { "userid": 3839152, "username": "CHRISTOPHER MEHLIN",  "country": "US",  "countrydesc": "SEATTLE",  "hired": "2009-03-11",  "active": 1,  "sales": 1003},  
 { "userid": 38550, "username": "PHILIPPE HALLER",  "country": "FR",  "countrydesc": "SAINT-AVOLD",  "hired": "2012-05-08",  "active": 1,  "sales": 1150},  
 { "userid": 38629, "username": "MICHAEL WACKER",  "country": "CH",  "countrydesc": "UNTERENGSTRINGEN",  "hired": "2012-05-08",  "active": 1,  "sales": 1350},  
 { "userid": 38655, "username": "CHARLES WAECHTER",  "country": "US",  "countrydesc": "LEXINGTON",  "hired": "2012-05-08",  "active": 1,  "sales": 1003},  
 { "userid": 3868700, "username": "WOLFGANG RUETTINGER",  "country": "DE",  "countrydesc": "EAST WINDSOR",  "hired": "2009-09-10",  "active": 1,  "sales": 1058},  
 { "userid": 39001, "username": "MARTIN OTTEN",  "country": "DE",  "countrydesc": "FRANKFURT AM MAIN",  "hired": "2012-05-08",  "active": 1,  "sales": 1058},  
 { "userid": 39125, "username": "CHRISTIAN ECKERMANN",  "country": "DE",  "countrydesc": "INGELHEIM AM RHEIN",  "hired": "2012-05-08",  "active": 1,  "sales": 1058},  
 { "userid": 39144, "username": "DOROTHEE AMBROSIUS",  "country": "DE",  "countrydesc": "INGELHEIM AM RHEIN",  "hired": "2012-05-08",  "active": 1,  "sales": 1058},  
 { "userid": 3914459, "username": "JEHANGIR WADIA",  "country": "CA",  "countrydesc": "SAN DIEGO",  "hired": "2012-01-31",  "active": 1,  "sales": 1350},  
 { "userid": 39159, "username": "FRANZ NOTHELFER",  "country": "DE",  "countrydesc": "INGELHEIM AM RHEIN",  "hired": "2012-05-08",  "active": 1,  "sales": 1058},  
 { "userid": 39180, "username": "THOMAS RATHJEN",  "country": "DE",  "countrydesc": "INGELHEIM AM RHEIN",  "hired": "2012-05-08",  "active": 1,  "sales": 1058},  
 { "userid": 3960530, "username": "RICCARDO GIOVANNINI",  "country": "IT",  "countrydesc": "INGELHEIM AM RHEIN",  "hired": "2012-04-26",  "active": 1,  "sales": 1058},  
 { "userid": 3960531, "username": "SARA FRATTINI",  "country": "IT",  "countrydesc": "INGELHEIM AM RHEIN",  "hired": "2012-04-26",  "active": 1,  "sales": 1058},  
 { "userid": 39650, "username": "MAURO BURATTINI",  "country": "IT",  "countrydesc": "CORNAREDO",  "hired": "2012-05-08",  "active": 1,  "sales": 1058},  
 { "userid": 39653, "username": "ROBERTO BAGATIN",  "country": "IT",  "countrydesc": "LEGNANO",  "hired": "2012-05-08",  "active": 1,  "sales": 1058},  
 { "userid": 4012856, "username": "JANUSZ WOJTOWICZ",  "country": "PL",  "countrydesc": "SUNNYVALE",  "hired": "2010-09-06",  "active": 1,  "sales": 1350},  
 { "userid": 40192, "username": "AKIHIRO OKANO",  "country": "JP",  "countrydesc": "TOKYO",  "hired": "2012-05-08",  "active": 1,  "sales": 1055},  
 { "userid": 40207, "username": "NAOTO KOSUGA",  "country": "JP",  "countrydesc": "TOKYO",  "hired": "2012-05-08",  "active": 1,  "sales": 1055},  
 { "userid": 40228, "username": "MUNETAKA OHKOUCHI",  "country": "JP",  "countrydesc": "TOKYO",  "hired": "2012-05-08",  "active": 1,  "sales": 1055},  
 { "userid": 40245, "username": "DAIDO HOTTA",  "country": "JP",  "countrydesc": "TOKYO",  "hired": "2012-05-08",  "active": 1,  "sales": 1055},  
 { "userid": 40250, "username": "MUNEYOSHI MAKABE",  "country": "JP",  "countrydesc": "TOKYO",  "hired": "2012-05-08",  "active": 1,  "sales": 1055},  
 { "userid": 4096580, "username": "FRIEDRICH SCHEIFLINGER",  "country": "AT",  "countrydesc": "VIENNA",  "hired": "2010-06-25",  "active": 1,  "sales": 1350},  
 { "userid": 41409, "username": "JIA WEI SIAU",  "country": "SG",  "countrydesc": "SINGAPORE",  "hired": "2012-05-09",  "active": 1,  "sales": 1350},  
 { "userid": 4157726, "username": "AHMAD Y. SHEIKH",  "country": "US",  "countrydesc": "DEERFIELD",  "hired": "2012-01-03",  "active": 1,  "sales": 1003},  
 { "userid": 41622, "username": "ESA TAMMINEN",  "country": "FI",  "countrydesc": "PORVOO",  "hired": "2012-05-09",  "active": 1,  "sales": 1150},  
 { "userid": 41645, "username": "JARI SUTINEN",  "country": "FI",  "countrydesc": "KATAJARANTA",  "hired": "2012-05-09",  "active": 1,  "sales": 1150},  
 { "userid": 4186512, "username": "SIMONE VON FIRCKS",  "country": "DE",  "countrydesc": "VIENNA",  "hired": "2010-06-09",  "active": 1,  "sales": 1058},  
 { "userid": 4193456, "username": "JEFFREY V. RAVETCH",  "country": "US",  "countrydesc": "NEW YORK",  "hired": "2010-03-18",  "active": 1,  "sales": 1003},  
 { "userid": 42058, "username": "ROBERT VANPELT",  "country": "US",  "countrydesc": "SAINT PAUL",  "hired": "2012-05-09",  "active": 1,  "sales": 1003},  
 { "userid": 42060, "username": "ETHAN GUGGENHEIMER",  "country": "US",  "countrydesc": "MINNEAPOLIS",  "hired": "2012-05-09",  "active": 1,  "sales": 1003},  
 { "userid": 42080, "username": "JOHN MOBERG",  "country": "US",  "countrydesc": "ELK RIVER",  "hired": "2012-05-09",  "active": 1,  "sales": 1003},  
 { "userid": 42232, "username": "ANDREW, C. ELIOT",  "country": "US",  "countrydesc": "WILMINGTON",  "hired": "2012-05-09",  "active": 1,  "sales": 1003},  
 { "userid": 4224061, "username": "JIANWEI XU",  "country": "SG",  "countrydesc": "徐建伟",  "hired": "2011-10-06",  "active": 1,  "sales": 1350},  
 { "userid": 4224072, "username": "HUI ZHOU",  "country": "US",  "countrydesc": "周慧",  "hired": "2010-11-08",  "active": 1,  "sales": 1003},  
 { "userid": 42262, "username": "ANTHONY, A. GATENBY",  "country": "US",  "countrydesc": "WILMINGTON",  "hired": "2012-05-09",  "active": 1,  "sales": 1003},  
 { "userid": 42276, "username": "TINA K. VAN DYK",  "country": "US",  "countrydesc": "WILMINGTON",  "hired": "2012-05-09",  "active": 1,  "sales": 1003},  
 { "userid": 4256650, "username": "PATRICK TAN",  "country": "SG",  "countrydesc": "陈文炜",  "hired": "2011-03-18",  "active": 1,  "sales": 1350},  
 { "userid": 42690, "username": "JOSEPH GAN",  "country": "FR",  "countrydesc": "STRASBOURG",  "hired": "2012-05-09",  "active": 1,  "sales": 1150},  
 { "userid": 42899, "username": "ARAM S.ADOURIAN",  "country": "US",  "countrydesc": "CONCORD",  "hired": "2012-05-03",  "active": 1,  "sales": 1003},  
 { "userid": 42950, "username": "YU GUO",  "country": "CN",  "countrydesc": "LUNENBURG",  "hired": "2012-05-03",  "active": 1,  "sales": 1350},  
 { "userid": 42956, "username": "PIETER MUNTENDAM",  "country": "NL",  "countrydesc": "BOXFORD",  "hired": "2012-05-03",  "active": 1,  "sales": 1150},  
 { "userid": 43104, "username": "DOUGLAS PETER MAGYARI",  "country": "US",  "countrydesc": "ROYAL OAK",  "hired": "2012-05-09",  "active": 1,  "sales": 1003},  
 { "userid": 43183, "username": "CARSTEN PALUDAN-MULLER",  "country": "DK",  "countrydesc": "FREDERIKSSUND",  "hired": "2012-05-09",  "active": 1,  "sales": 1058},  
 { "userid": 43217, "username": "PETER MAGNUS NOERGAARD",  "country": "DK",  "countrydesc": "VANLOSE",  "hired": "2012-05-09",  "active": 1,  "sales": 1058},  
 { "userid": 43748, "username": "JANNE M KONTKANEN",  "country": "FI",  "countrydesc": "SAN FRANCISCO",  "hired": "2012-05-09",  "active": 1,  "sales": 1150},  
 { "userid": 43770, "username": "RYAN S. OVERBECK",  "country": "US",  "countrydesc": "SAN FRANCISCO",  "hired": "2012-05-09",  "active": 1,  "sales": 1003},  
 { "userid": 43953, "username": "GUENTER KRAUS",  "country": "DE",  "countrydesc": "SINT-KATELIJNE-WAVER",  "hired": "2012-05-09",  "active": 1,  "sales": 1058},  
 { "userid": 4395483, "username": "MICHAEL J. DART",  "country": "US",  "countrydesc": "HIGHLAND PARK",  "hired": "2011-12-31",  "active": 1,  "sales": 1003},  
 { "userid": 43985, "username": "IKSOO CHUN",  "country": "US",  "countrydesc": "PRINCETON",  "hired": "2012-05-09",  "active": 1,  "sales": 1003},  
 { "userid": 4437864, "username": "JOHN T. RANDOLPH",  "country": "US",  "countrydesc": "LIBERTYVILLE",  "hired": "2011-12-29",  "active": 1,  "sales": 1003},  
 { "userid": 4464504, "username": "ALEXANDRA KALTENSTADLER",  "country": "CH",  "countrydesc": "ALLSCHWIL",  "hired": "2011-11-30",  "active": 1,  "sales": 1350},  
 { "userid": 44904, "username": "MAKIKO URUSHIHARA",  "country": "JP",  "countrydesc": "TOKUSHIMA ",  "hired": "2012-05-10",  "active": 1,  "sales": 1055},  
 { "userid": 4494938, "username": "ATSUSHI ENDO",  "country": "JP",  "countrydesc": "BOSTON",  "hired": "2010-03-29",  "active": 1,  "sales": 1055},  
 { "userid": 45164, "username": "NAM-HO HUH",  "country": "KR",  "countrydesc": "OKAYAMA ",  "hired": "2012-05-10",  "active": 1,  "sales": 1055},  
 { "userid": 45168, "username": "MASAKIYO SAKAGUCHI",  "country": "JP",  "countrydesc": "OKAYAMA ",  "hired": "2012-05-10",  "active": 1,  "sales": 1055},  
 { "userid": 45299, "username": "ANTHONY JOHN SINSKEY ",  "country": "US",  "countrydesc": "BOSTON",  "hired": "2012-05-10",  "active": 1,  "sales": 1003},  
 { "userid": 45491, "username": "BUDI SANTOSO",  "country": "ID",  "countrydesc": "SINGAPORE ",  "hired": "2012-05-10",  "active": 1,  "sales": 1058},  
 { "userid": 45530, "username": "SIANG HUEI LEONG",  "country": "SG",  "countrydesc": "SINGAPORE ",  "hired": "2012-05-10",  "active": 1,  "sales": 1350},  
 { "userid": 4564955, "username": "STEPHEN MICHAEL KELSEY",  "country": "GB",  "countrydesc": "MONTARA",  "hired": "2007-07-24",  "active": 1,  "sales": 1001},  
 { "userid": 45994, "username": "ERLING KLEPPA",  "country": "NO",  "countrydesc": "JØRPELAND",  "hired": "2012-05-10",  "active": 1,  "sales": 1150},  
 { "userid": 45997, "username": "SANDRA O'CONNOR",  "country": "US",  "countrydesc": "HUDSON",  "hired": "2012-05-10",  "active": 1,  "sales": 1003},  
 { "userid": 46000, "username": "STÅLE PETTERSEN",  "country": "NO",  "countrydesc": "SANDNES",  "hired": "2012-05-10",  "active": 1,  "sales": 1150},  
 { "userid": 46001, "username": "SOPHIE SUN",  "country": "US",  "countrydesc": "LITTLETON",  "hired": "2012-05-10",  "active": 1,  "sales": 1003},  
 { "userid": 46005, "username": "GAAURI NAIK",  "country": "IN",  "countrydesc": "CAMBRIDGE",  "hired": "2012-05-10",  "active": 1,  "sales": 1058},  
 { "userid": 461712, "username": "KURT TOSHIMI NIHEI",  "country": "US",  "countrydesc": "OAKLAND",  "hired": "2011-01-19",  "active": 1,  "sales": 1003},  
 { "userid": 463652, "username": "TONY MATHILDE JOZEF KEMPEN",  "country": "BE",  "countrydesc": "BEERSE",  "hired": "2011-05-10",  "active": 1,  "sales": 1350},  
 { "userid": 463971, "username": "XIAOFENG LI",  "country": "CN",  "countrydesc": "GURNEE",  "hired": "2012-01-05",  "active": 1,  "sales": 1350},  
 { "userid": 46418, "username": "MATTHEW JOHN CALLAGHAN",  "country": "US",  "countrydesc": "STANFORD",  "hired": "2012-05-10",  "active": 1,  "sales": 1003},  
 { "userid": 46422, "username": "WILLIAM BISHOP",  "country": "US",  "countrydesc": "PALO ALTO",  "hired": "2012-05-10",  "active": 1,  "sales": 1003},  
 { "userid": 46424, "username": "LAWRENCE EDWARD MILLER",  "country": "US",  "countrydesc": "MOUNTAIN VIEW",  "hired": "2012-05-10",  "active": 1,  "sales": 1003},  
 { "userid": 46432, "username": "PETER FRYKMAN",  "country": "US",  "countrydesc": "PALO ALTO",  "hired": "2012-05-10",  "active": 1,  "sales": 1003},  
 { "userid": 46440, "username": "FRANCOIS BRAHIC",  "country": "US",  "countrydesc": "MOUNTAIN VIEW",  "hired": "2012-05-10",  "active": 1,  "sales": 1003},  
 { "userid": 466939, "username": "DAVID SULLIVAN",  "country": "US",  "countrydesc": "SUGAR LAND",  "hired": "2005-02-15",  "active": 1,  "sales": 1003},  
 { "userid": 46719, "username": "JOHN BREW",  "country": "GB",  "countrydesc": "GREATER LONDON",  "hired": "2012-05-10",  "active": 1,  "sales": 1001},  
 { "userid": 46736, "username": "ROBIN MARK BANNISTER",  "country": "GB",  "countrydesc": "GREATER LONDON",  "hired": "2012-05-10",  "active": 1,  "sales": 1001},  
 { "userid": 46812, "username": "WILSON CAPARROS WANDERLAY",  "country": "GB",  "countrydesc": "LONDON ",  "hired": "2012-05-10",  "active": 1,  "sales": 1001},  
 { "userid": 4752947, "username": "XIAOCHUN LOU",  "country": "CN",  "countrydesc": "LONG GROVE",  "hired": "2011-09-28",  "active": 1,  "sales": 1350},  
 { "userid": 48624, "username": "JOHANN-WILHELM FREY",  "country": "DE",  "countrydesc": "STADE",  "hired": "2012-05-11",  "active": 1,  "sales": 1058},  
 { "userid": 48643, "username": "ROBERT E. HEFNER JR.",  "country": "US",  "countrydesc": "ROSHARON",  "hired": "2012-05-11",  "active": 1,  "sales": 1003},  
 { "userid": 48934, "username": "SRDJAN KISIN",  "country": "RS",  "countrydesc": "HORGEN",  "hired": "2012-05-11",  "active": 1,  "sales": 1350},  
 { "userid": 4915485, "username": "HUI-LING WANG",  "country": "TW",  "countrydesc": "THOUSAND OAKS",  "hired": "2005-01-17",  "active": 1,  "sales": 1350},  
 { "userid": 49535, "username": "DANIEL DELPRAT",  "country": "FR",  "countrydesc": "CROLLES",  "hired": "2012-05-11",  "active": 1,  "sales": 1150},  
 { "userid": 495416, "username": "ATHISAYAMANI JEYARAJ DURAISWAMY",  "country": "SG",  "countrydesc": "   SINGAPORE 138669",  "hired": "2012-03-30",  "active": 1,  "sales": 1350},  
 { "userid": 49595, "username": "CORNELIA FALCH",  "country": "DE",  "countrydesc": "NUERNBERG",  "hired": "2012-05-11",  "active": 1,  "sales": 1058},  
 { "userid": 49603, "username": "HARTMUT BOHNET",  "country": "DE",  "countrydesc": "WALDACHTAL",  "hired": "2012-05-11",  "active": 1,  "sales": 1058},  
 { "userid": 49607, "username": "LEONID TERENTIEV",  "country": "DE",  "countrydesc": "ERLANGEN",  "hired": "2012-05-11",  "active": 1,  "sales": 1058},  
 { "userid": 49616, "username": "JOCHEN KAUPP",  "country": "DE",  "countrydesc": "WALDACHTAL",  "hired": "2012-05-11",  "active": 1,  "sales": 1058},  
 { "userid": 49629, "username": "ROLAND UNTERWEGER ",  "country": "AT",  "countrydesc": "PFALZGRAFENWEILER",  "hired": "2012-05-11",  "active": 1,  "sales": 1350},  
 { "userid": 49727, "username": "MICHAEL D. CLAY",  "country": "US",  "countrydesc": "REDWOOD CITY",  "hired": "2012-05-11",  "active": 1,  "sales": 1003},  
 { "userid": 49739, "username": "BENJAMIN MIJTS",  "country": "AU",  "countrydesc": "REDWOOD CITY",  "hired": "2012-05-11",  "active": 1,  "sales": 1350},  
 { "userid": 49763, "username": "JUN ZHU",  "country": "CN",  "countrydesc": "PUDONG DISTRICT",  "hired": "2012-05-11",  "active": 1,  "sales": 1350},  
 { "userid": 50559, "username": "JOHN B. MIADICH",  "country": "US",  "countrydesc": "LAKE OSWEGO",  "hired": "2012-05-11",  "active": 1,  "sales": 1003},  
 { "userid": 50633, "username": "CHAOSHUN HU",  "country": "CN",  "countrydesc": "SAN RAMON",  "hired": "2012-05-11",  "active": 1,  "sales": 1350},  
 { "userid": 50669, "username": "TAMAS NEMETH",  "country": "US",  "countrydesc": "SAN RAMON ",  "hired": "2012-05-11",  "active": 1,  "sales": 1003},  
 { "userid": 51248, "username": "CATHERINE SHEARER",  "country": "US",  "countrydesc": "SAN MARCOS",  "hired": "2012-05-11",  "active": 1,  "sales": 1003},  
 { "userid": 51262, "username": "KENNETH C. HOLCOMB",  "country": "US",  "countrydesc": "SAN DIEGO",  "hired": "2012-05-11",  "active": 1,  "sales": 1003},  
 { "userid": 5191051, "username": "STEFAN HAIDER",  "country": "AT",  "countrydesc": "PRINZERSDORF",  "hired": "2012-01-25",  "active": 1,  "sales": 1350},  
 { "userid": 5191053, "username": "HANSPETER ROTTENSTEINER",  "country": "AT",  "countrydesc": "VIENNA",  "hired": "2012-01-25",  "active": 1,  "sales": 1350},  
 { "userid": 52378, "username": "TOMASZ MACH",  "country": "PL",  "countrydesc": "HAMPSHIRE",  "hired": "2012-05-12",  "active": 1,  "sales": 1350},  
 { "userid": 52497, "username": "HIROKAZU HISHIKI",  "country": "JP",  "countrydesc": "CHIBA",  "hired": "2012-05-12",  "active": 1,  "sales": 1055},  
 { "userid": 52502, "username": "SABURO SEKI",  "country": "JP",  "countrydesc": "KANAGAWA ",  "hired": "2012-05-12",  "active": 1,  "sales": 1055},  
 { "userid": 5264727, "username": "MARTIN ROOS",  "country": "DE",  "countrydesc": "HALTERN AM SEE",  "hired": "2010-11-09",  "active": 1,  "sales": 1058},  
 { "userid": 5264738, "username": "HARALD HÄGER",  "country": "DE",  "countrydesc": "LÜDINGHAUSEN",  "hired": "2010-11-19",  "active": 1,  "sales": 1058},  
 { "userid": 52791, "username": "WEN-KUN YANG",  "country": "TW",  "countrydesc": "HSINCHU ",  "hired": "2012-05-12",  "active": 1,  "sales": 1350},  
 { "userid": 52793, "username": "WEN-PIN YANG",  "country": "TW",  "countrydesc": "HSINCHU",  "hired": "2012-05-12",  "active": 1,  "sales": 1350},  
 { "userid": 52840, "username": "SHIH-LI CHEN",  "country": "TW",  "countrydesc": "HSINCHU COUNTY",  "hired": "2012-05-12",  "active": 1,  "sales": 1350},  
 { "userid": 52908, "username": "MARCELLO ALLEGRETTI",  "country": "IT",  "countrydesc": "L`AQUILA",  "hired": "2012-05-12",  "active": 1,  "sales": 1058},  
 { "userid": 52925, "username": "CINZIA BIZZARRI",  "country": "IT",  "countrydesc": "L`AQUILA",  "hired": "2012-05-12",  "active": 1,  "sales": 1058},  
 { "userid": 52929, "username": "MARIA CANDIDA CESTA",  "country": "IT",  "countrydesc": "L`AQUILA",  "hired": "2012-05-12",  "active": 1,  "sales": 1058},  
 { "userid": 52931, "username": "ANDREA ARAMINI",  "country": "IT",  "countrydesc": "L`AQUILA",  "hired": "2012-05-12",  "active": 1,  "sales": 1058},  
 { "userid": 52933, "username": "ALESSIO MORICONI",  "country": "IT",  "countrydesc": "L`AQUILA",  "hired": "2012-05-12",  "active": 1,  "sales": 1058},  
 { "userid": 5320838, "username": "KIM WALTON",  "country": "US",  "countrydesc": "LAKE JACKSON",  "hired": "2010-07-22",  "active": 1,  "sales": 1003},  
 { "userid": 534026, "username": "MARCO BUCCOLINI",  "country": "IT",  "countrydesc": "CAMERINO MC",  "hired": "2007-03-09",  "active": 1,  "sales": 1058},  
 { "userid": 5340998, "username": "WILLIAM JOHN KOROS",  "country": "US",  "countrydesc": "ATLANTA",  "hired": "2007-02-26",  "active": 1,  "sales": 1003},  
 { "userid": 53757, "username": "ZAHROOF MOHAMED",  "country": "US",  "countrydesc": "CYPRESS",  "hired": "2012-05-14",  "active": 1,  "sales": 1003},  
 { "userid": 5378125, "username": "AKIHIKO NISHIO",  "country": "JP",  "countrydesc": "OSAKA",  "hired": "2012-03-02",  "active": 1,  "sales": 1055},  
 { "userid": 54214, "username": "TAKANORI ISONO",  "country": "JP",  "countrydesc": "AICHI",  "hired": "2012-05-14",  "active": 1,  "sales": 1055},  
 { "userid": 54225, "username": "YUTAKA YAMADA",  "country": "JP",  "countrydesc": "AICHI",  "hired": "2012-05-14",  "active": 1,  "sales": 1055},  
 { "userid": 54246, "username": "KATSUHIKO KIMURA",  "country": "JP",  "countrydesc": "AICHI",  "hired": "2012-05-14",  "active": 1,  "sales": 1055},  
 { "userid": 54439, "username": "CLIFFORD SHONE",  "country": "GB",  "countrydesc": "WILTSHIRE ",  "hired": "2012-05-14",  "active": 1,  "sales": 1001},  
 { "userid": 54455, "username": "APRIL ROBERTS",  "country": "GB",  "countrydesc": "WILTSHIRE ",  "hired": "2012-05-14",  "active": 1,  "sales": 1001},  
 { "userid": 54463, "username": "JOHN LANDON",  "country": "GB",  "countrydesc": "CARMARTHENSHIRE",  "hired": "2012-05-14",  "active": 1,  "sales": 1001},  
 { "userid": 54565, "username": "JORGE ALSINA-FERNANDEZ",  "country": "ES",  "countrydesc": "INDIANAPOLIS",  "hired": "2012-05-14",  "active": 1,  "sales": 1350},  
 { "userid": 54599, "username": "WAYNE DAVID KOHN",  "country": "CA",  "countrydesc": "INDIANAPOLIS",  "hired": "2012-05-14",  "active": 1,  "sales": 1350},  
 { "userid": 55152, "username": "FABIEN PIERLOT",  "country": "FR",  "countrydesc": "BOULOGNE BILLANCOURT",  "hired": "2012-05-14",  "active": 1,  "sales": 1150},  
 { "userid": 55161, "username": "JEAN-MARC VAN LAETHEM",  "country": "FR",  "countrydesc": "VILLIERS SAINT FRAMBOURG",  "hired": "2012-05-14",  "active": 1,  "sales": 1150},  
 { "userid": 55278, "username": "TAKESHI SAITOH",  "country": "JP",  "countrydesc": "SHIBUKAWA-CITY, GUNMA",  "hired": "2012-05-14",  "active": 1,  "sales": 1055},  
 { "userid": 55294, "username": "TOMOMICHI TAKATSU",  "country": "JP",  "countrydesc": "SHIBUKAWA-CITY, GUNMA",  "hired": "2012-05-14",  "active": 1,  "sales": 1055},  
 { "userid": 55431, "username": "YOSHINORI ISAHAYA ",  "country": "JP",  "countrydesc": "TOKYO",  "hired": "2012-05-14",  "active": 1,  "sales": 1055},  
 { "userid": 55441, "username": "SHU YOSHIDA ",  "country": "JP",  "countrydesc": "TOKYO",  "hired": "2012-05-14",  "active": 1,  "sales": 1055},  
 { "userid": 55448, "username": "NORIYUKI KATO",  "country": "JP",  "countrydesc": "TOKYO",  "hired": "2012-05-14",  "active": 1,  "sales": 1055},  
 { "userid": 554503, "username": "YAN LOU",  "country": "US",  "countrydesc": "GLEN RIDGE",  "hired": "2012-04-02",  "active": 1,  "sales": 1003},  
 { "userid": 55455, "username": "HIROKI FURUHASHI ",  "country": "JP",  "countrydesc": "TOKYO ",  "hired": "2012-05-14",  "active": 1,  "sales": 1055},  
 { "userid": 55653, "username": "MARCO LAMBRI",  "country": "IT",  "countrydesc": "PONTEDERA",  "hired": "2012-05-14",  "active": 1,  "sales": 1058},  
 { "userid": 55679, "username": "LUCA MARANO",  "country": "IT",  "countrydesc": "PONTEDERA",  "hired": "2012-05-14",  "active": 1,  "sales": 1058},  
 { "userid": 55682, "username": "DAVIDE FABIO SCOTTI",  "country": "IT",  "countrydesc": "PONTEDERA",  "hired": "2012-05-14",  "active": 1,  "sales": 1058},  
 { "userid": 55951, "username": "WEI-GUO SU",  "country": "US",  "countrydesc": "SHANGHAI ",  "hired": "2012-05-14",  "active": 1,  "sales": 1003},  
 { "userid": 55963, "username": "WEIHAN ZHANG",  "country": "CN",  "countrydesc": "SHANGHAI ",  "hired": "2012-05-14",  "active": 1,  "sales": 1350},  
 { "userid": 55970, "username": "HONG JIA",  "country": "CN",  "countrydesc": "SHANGHAI ",  "hired": "2012-05-14",  "active": 1,  "sales": 1350},  
 { "userid": 55981, "username": "YUMIN CUI",  "country": "CN",  "countrydesc": "SHANGHAI ",  "hired": "2012-05-14",  "active": 1,  "sales": 1350},  
 { "userid": 5698394, "username": "IULIANA MARINESCU",  "country": "FI",  "countrydesc": "ESPOO",  "hired": "2007-08-16",  "active": 1,  "sales": 1150},  
 { "userid": 5782557, "username": "PABLO UMANA",  "country": "CR",  "countrydesc": "ZURICH",  "hired": "2006-05-02",  "active": 1,  "sales": 1350},  
 { "userid": 5782560, "username": "EKKEHARD MÖSSNER",  "country": "DE",  "countrydesc": "KREUZLINGEN",  "hired": "2006-05-02",  "active": 1,  "sales": 1058},  
 { "userid": 586793, "username": "ENG LEE TAN",  "country": "SG",  "countrydesc": "SINGAPORE",  "hired": "2010-08-03",  "active": 1,  "sales": 1350},  
 { "userid": 62006, "username": "GUILLAUME METRAL",  "country": "DE",  "countrydesc": "FRANKFURT",  "hired": "2012-05-08",  "active": 1,  "sales": 1058},  
 { "userid": 6236645, "username": "NAM-HAI CHUA",  "country": "SG",  "countrydesc": "NEW YORK",  "hired": "2008-07-16",  "active": 1,  "sales": 1350},  
 { "userid": 6241288, "username": "DOUGLAS LEVINSON",  "country": "US",  "countrydesc": "SHERBORN",  "hired": "2002-07-01",  "active": 1,  "sales": 1003},  
 { "userid": 633029, "username": "DANPING LI",  "country": "US",  "countrydesc": "RIDGEFIELD",  "hired": "2011-06-21",  "active": 1,  "sales": 1003},  
 { "userid": 642982, "username": "ROBERT M. JONES",  "country": "GB",  "countrydesc": "SAN DIEGO",  "hired": "2011-01-11",  "active": 1,  "sales": 1001},  
 { "userid": 6453462, "username": "DARAH IBRAHIM",  "country": "MY",  "countrydesc": "PULAU PINANG",  "hired": "2011-02-22",  "active": 1,  "sales": 1350},  
 { "userid": 6453466, "username": "AINON HAMZAH",  "country": "MY",  "countrydesc": "BANGI SELANGOR",  "hired": "2011-02-22",  "active": 1,  "sales": 1350},  
 { "userid": 6453472, "username": "NASYARUDDIN MOHAMAD @ NIK MOHD",  "country": "MY",  "countrydesc": "BANGI SELANGOR",  "hired": "2011-02-22",  "active": 1,  "sales": 1350},  
 { "userid": 6453488, "username": "MAZNI ABU ZARIN",  "country": "MY",  "countrydesc": "BANGI SELANGOR",  "hired": "2011-02-22",  "active": 1,  "sales": 1350},  
 { "userid": 6453496, "username": "NUR FAIZAH ABU BAKAR",  "country": "MY",  "countrydesc": "BANGI SELANGOR",  "hired": "2011-02-22",  "active": 1,  "sales": 1350},  
 { "userid": 6453501, "username": "MOHD ASYRAF KASSIM",  "country": "MY",  "countrydesc": "BANGI SELANGOR",  "hired": "2011-02-22",  "active": 1,  "sales": 1350},  
 { "userid": 6453510, "username": "AZLINAH MOHD SULAIMAN",  "country": "MY",  "countrydesc": "PULAU PINANG",  "hired": "2011-02-22",  "active": 1,  "sales": 1350},  
 { "userid": 6453511, "username": "MEI SING CHEE",  "country": "MY",  "countrydesc": "PULAU PINANG",  "hired": "2011-02-22",  "active": 1,  "sales": 1350},  
 { "userid": 6496478, "username": "JEAN XU",  "country": "US",  "countrydesc": "WARREN",  "hired": "2010-09-15",  "active": 1,  "sales": 1003},  
 { "userid": 6712714, "username": "MOOKKAN PERIYASAMY",  "country": "US",  "countrydesc": "WILMINGTON",  "hired": "2001-10-09",  "active": 1,  "sales": 1003},  
 { "userid": 675131, "username": "YANJUN BAO",  "country": "CN",  "countrydesc": "BUFFALO GROVE",  "hired": "2012-02-28",  "active": 1,  "sales": 1350},  
 { "userid": 675133, "username": "PARVEZ M. MULANI",  "country": "IN",  "countrydesc": "GURNEE",  "hired": "2012-02-28",  "active": 1,  "sales": 1058},  
 { "userid": 68753, "username": "BRIAN JOSEF BARTHOLOMEUSZ",  "country": "US",  "countrydesc": "PALO ALTO",  "hired": "2011-04-26",  "active": 1,  "sales": 1003},  
 { "userid": 6886891, "username": "GURU REDDY",  "country": "US",  "countrydesc": "IRVINE",  "hired": "2010-08-27",  "active": 1,  "sales": 1003},  
 { "userid": 7033249, "username": "GEORG RAMING",  "country": "DE",  "countrydesc": "TANN",  "hired": "2010-12-03",  "active": 1,  "sales": 1058},  
 { "userid": 7197908, "username": "BING-YAN ZHU",  "country": "US",  "countrydesc": "SOUTH SAN FRANCISCO",  "hired": "2011-04-06",  "active": 1,  "sales": 1003},  
 { "userid": 7264289, "username": "BERT VOGELSTEIN",  "country": "US",  "countrydesc": "BALTIMORE",  "hired": "2002-03-26",  "active": 1,  "sales": 1003},  
 { "userid": 750454, "username": "CHRISTOPHER BEERMANN",  "country": "DE",  "countrydesc": "NEU-ANSPACH",  "hired": "2006-05-31",  "active": 1,  "sales": 1058},  
 { "userid": 76071, "username": "ROGER NORCROSS",  "country": "GB",  "countrydesc": "OLSBERG",  "hired": "2009-04-29",  "active": 1,  "sales": 1001},  
 { "userid": 7723411, "username": "HAICHUN HUANG",  "country": "US",  "countrydesc": "FREMONT",  "hired": "2008-01-02",  "active": 1,  "sales": 1003},  
 { "userid": 7850680, "username": "TANBIR HAQUE",  "country": "BD",  "countrydesc": "JACKSON HEIGHTS",  "hired": "2005-11-15",  "active": 1,  "sales": 1350},  
 { "userid": 797156, "username": "MICHAEL ALAN SEYMOUR",  "country": "US",  "countrydesc": "KATY",  "hired": "2011-09-02",  "active": 1,  "sales": 1003},  
 { "userid": 8156533, "username": "HISAO SASAI",  "country": "JP",  "countrydesc": "OSAKA",  "hired": "2010-07-13",  "active": 1,  "sales": 1055},  
 { "userid": 8156560, "username": "YOUJI SHIBAHARA",  "country": "JP",  "countrydesc": "OSAKA",  "hired": "2010-06-07",  "active": 1,  "sales": 1055},  
 { "userid": 827291, "username": "HANNS-CHRISTIAN MAHLER",  "country": "CH",  "countrydesc": "BASEL",  "hired": "2011-02-09",  "active": 1,  "sales": 1350},  
 { "userid": 8333523, "username": "JAGATH REDDY JUNUTULA",  "country": "IN",  "countrydesc": "FREMONT",  "hired": "2009-12-24",  "active": 1,  "sales": 1058},  
 { "userid": 8333525, "username": "BING ZHENG",  "country": "CN",  "countrydesc": "MOUNTAIN VIEW",  "hired": "2009-12-24",  "active": 1,  "sales": 1350},  
 { "userid": 83509, "username": "JOSE E. RUIZ",  "country": "BR",  "countrydesc": "SUGAR LAND",  "hired": "2012-04-27",  "active": 1,  "sales": 1350},  
 { "userid": 83510, "username": "CRISTINA SERRAT",  "country": "AR",  "countrydesc": "SUGAR LAND",  "hired": "2012-03-02",  "active": 1,  "sales": 1350},  
 { "userid": 854054, "username": "GEORGE RUDENKO",  "country": "UA",  "countrydesc": "SOUTH SAN FRANCISCO",  "hired": "2011-05-24",  "active": 1,  "sales": 1003},  
 { "userid": 85760, "username": "GOETZ SCHLOTTERBECK",  "country": "DE",  "countrydesc": "EFRINGEN-KIRCHEN",  "hired": "2008-09-19",  "active": 1,  "sales": 1058},  
 { "userid": 910791, "username": "WICENTLY LAMBERTUS STANISLAW PILASZEK",  "country": "NL",  "countrydesc": "THOLEN",  "hired": "2011-05-06",  "active": 1,  "sales": 1150},  
 { "userid": 921886, "username": "SERGEY VASILYEVICH  KULIK",  "country": "RU",  "countrydesc": "MOSCOW",  "hired": "2011-05-27",  "active": 1,  "sales": 1350},  
 { "userid": 929154, "username": "MOHAMMED  SAJAD",  "country": "GB",  "countrydesc": "ESSEX",  "hired": "2011-01-27",  "active": 1,  "sales": 1001},  
 { "userid": 933441, "username": "FRÉDÉRIC ALLIBERT",  "country": "FR",  "countrydesc": "GRENOBLE",  "hired": "2006-11-28",  "active": 1,  "sales": 1150},  
 { "userid": 95114, "username": "PHILIP TAN HUAT SENG",  "country": "SG",  "countrydesc": "LYNNWOOD",  "hired": "2011-03-31",  "active": 1,  "sales": 1350},  
 { "userid": 976828, "username": "LECHOSLAW FRANCISZEK CIUPIK",  "country": "PL",  "countrydesc": "ZIELONA GÓRA",  "hired": "2012-03-06",  "active": 1,  "sales": 1350} 
    
 ]